<record><leader>00000cas a22000007a 4500</leader><controlfield tag="001">15182728</controlfield><controlfield tag="008">870211d18721961mouwr ne      0   a0eng d</controlfield><controlfield tag="009">3768</controlfield><datafield ind1=" " ind2=" " tag="010"><subfield code="a">sn 87052181 </subfield></datafield><datafield ind1=" " ind2=" " tag="040"><subfield code="a">NPX</subfield><subfield code="b">eng</subfield><subfield code="c">NPX</subfield><subfield code="d">MQN</subfield><subfield code="d">NVF</subfield><subfield code="d">OCLCQ</subfield><subfield code="d">DLC</subfield><subfield code="d">MXM</subfield><subfield code="d">OCLCF</subfield></datafield><datafield ind1=" " ind2=" " tag="012"><subfield code="l">a</subfield></datafield><datafield ind1="0" ind2=" " tag="022"><subfield code="a">2166-7853</subfield><subfield code="2">1</subfield></datafield><datafield ind1="1" ind2=" " tag="029"><subfield code="a">AU@</subfield><subfield code="b">000020456047</subfield></datafield><datafield ind1=" " ind2=" " tag="042"><subfield code="a">msc</subfield><subfield code="a">nsdp</subfield></datafield><datafield ind1=" " ind2=" " tag="043"><subfield code="a">n-us-mo</subfield></datafield><datafield ind1="0" ind2="0" tag="050"><subfield code="a">Newspaper</subfield></datafield><datafield ind1="1" ind2="0" tag="082"><subfield code="a">071</subfield><subfield code="2">14</subfield></datafield><datafield ind1="0" ind2=" " tag="130"><subfield code="a">Fair play (Sainte Genevieve, Mo.)</subfield></datafield><datafield ind1=" " ind2="0" tag="222"><subfield code="a">Fair play (Sainte Genevieve, Mo.)</subfield></datafield><datafield ind1="1" ind2="0" tag="245"><subfield code="a">Fair play.</subfield></datafield><datafield ind1=" " ind2=" " tag="260"><subfield code="a">Ste. Genevieve [Mo.] :</subfield><subfield code="b">S. Henry Smith,</subfield><subfield code="c">-1961.</subfield></datafield><datafield ind1=" " ind2=" " tag="300"><subfield code="a">v.</subfield></datafield><datafield ind1=" " ind2=" " tag="310"><subfield code="a">Weekly</subfield></datafield><datafield ind1="1" ind2=" " tag="362"><subfield code="a">Began in 1872.</subfield></datafield><datafield ind1="0" ind2=" " tag="362"><subfield code="a">-v. 86, no. 50 (Dec. 1, 1961).</subfield></datafield><datafield ind1=" " ind2=" " tag="515"><subfield code="a">Suspended publication Jan. 16, 1943-Dec. 14, 1945.</subfield></datafield><datafield ind1=" " ind2=" " tag="530"><subfield code="a">Archived issues are available in digital format as part of the Library of Congress Chronicling America online collection.</subfield></datafield><datafield ind1=" " ind2=" " tag="588"><subfield code="a">Description based on: Vol. 1, no. 2 (June 14, 1872).</subfield></datafield><datafield ind1=" " ind2="0" tag="651"><subfield code="a">Sainte Genevieve (Mo.)</subfield><subfield code="v">Newspapers.</subfield></datafield><datafield ind1=" " ind2="0" tag="651"><subfield code="a">Sainte Genevieve County (Mo.)</subfield><subfield code="v">Newspapers.</subfield></datafield><datafield ind1=" " ind2="7" tag="655"><subfield code="a">Newspapers.</subfield><subfield code="2">fast</subfield><subfield code="0">(OCoLC)fst01423814</subfield></datafield><datafield ind1=" " ind2="7" tag="651"><subfield code="a">Missouri</subfield><subfield code="z">Sainte Genevieve.</subfield><subfield code="2">fast</subfield><subfield code="0">(OCoLC)fst01216491</subfield></datafield><datafield ind1=" " ind2="7" tag="651"><subfield code="a">Missouri</subfield><subfield code="z">Sainte Genevieve County.</subfield><subfield code="2">fast</subfield><subfield code="0">(OCoLC)fst01218748</subfield></datafield><datafield ind1=" " ind2=" " tag="752"><subfield code="a">United States</subfield><subfield code="b">Missouri</subfield><subfield code="c">Sainte Genevieve</subfield><subfield code="d">Sainte Genevieve.</subfield></datafield><datafield ind1="0" ind2="0" tag="785"><subfield code="t">Ste. Genevieve fair play</subfield><subfield code="w">(DLC)sn 90061123</subfield><subfield code="w">(OCoLC)20879826</subfield></datafield><datafield ind1="4" ind2="1" tag="856"><subfield code="u">http://www.loc.gov/chroniclingamerica/lccn/sn87052181/issues</subfield></datafield></record>